
//
// this is the bibtex file used to compile the bibliography for the sigma orientation course notes.
// whenever possible, citations should be pulled from mathscinet, pasted in exactly, and then their identifiers should be changed to something human-readable, subject to the following guidelines:
//
// 1) if there are one or two authors, list their last names in alphabetical order (e.g., AndoStrickland).
// 2) if there are three or more authors, list their last initials in alphabetical order (e.g., BCM).
// 3) if these rules result in name collisions (e.g., the two Ando Hopkins Strickland papers), a short string related to the title of the paper should be appended (e.g., AHSHinfty and AHSTheoremOfTheCube).
//

@article {Ando,
    AUTHOR = {Ando, Matthew},
     TITLE = {Isogenies of formal group laws and power operations in the
              cohomology theories {$E_n$}},
   JOURNAL = {Duke Math. J.},
  FJOURNAL = {Duke Mathematical Journal},
    VOLUME = {79},
      YEAR = {1995},
    NUMBER = {2},
     PAGES = {423--485},
      ISSN = {0012-7094},
     CODEN = {DUMJAO},
   MRCLASS = {55N22 (14L05)},
  MRNUMBER = {1344767 (97a:55006)},
MRREVIEWER = {P. S. Landweber},
       DOI = {10.1215/S0012-7094-95-07911-3},
       URL = {http://dx.doi.org/10.1215/S0012-7094-95-07911-3},
}

@article {AHSHinfty,
    AUTHOR = {Ando, Matthew and Hopkins, Michael J. and Strickland, Neil P.},
     TITLE = {The sigma orientation is an {$H_\infty$} map},
   JOURNAL = {Amer. J. Math.},
  FJOURNAL = {American Journal of Mathematics},
    VOLUME = {126},
      YEAR = {2004},
    NUMBER = {2},
     PAGES = {247--334},
      ISSN = {0002-9327},
     CODEN = {AJMAAN},
   MRCLASS = {55N34 (55P42 55P43)},
  MRNUMBER = {2045503 (2005d:55009)},
MRREVIEWER = {Paul G. Goerss},
       URL =
              {http://muse.jhu.edu/journals/american_journal_of_mathematics/v126/126.2ando.pdf},
}

@article {AHSTheoremOfTheCube,
    AUTHOR = {Ando, M. and Hopkins, M. J. and Strickland, N. P.},
     TITLE = {Elliptic spectra, the {W}itten genus and the theorem of the
              cube},
   JOURNAL = {Invent. Math.},
  FJOURNAL = {Inventiones Mathematicae},
    VOLUME = {146},
      YEAR = {2001},
    NUMBER = {3},
     PAGES = {595--687},
      ISSN = {0020-9910},
     CODEN = {INVMBH},
   MRCLASS = {55N34 (14H52 58J26)},
  MRNUMBER = {1869850 (2002g:55009)},
MRREVIEWER = {Mark Hovey},
       DOI = {10.1007/s002220100175},
       URL = {http://dx.doi.org/10.1007/s002220100175},
}

@article {AndoStrickland,
    AUTHOR = {Ando, M. and Strickland, N. P.},
     TITLE = {Weil pairings and {M}orava {$K$}-theory},
   JOURNAL = {Topology},
  FJOURNAL = {Topology. An International Journal of Mathematics},
    VOLUME = {40},
      YEAR = {2001},
    NUMBER = {1},
     PAGES = {127--156},
      ISSN = {0040-9383},
     CODEN = {TPLGAF},
   MRCLASS = {55N22},
  MRNUMBER = {1791270 (2001i:55005)},
MRREVIEWER = {Mark Hovey},
       DOI = {10.1016/S0040-9383(99)00057-9},
       URL = {http://dx.doi.org/10.1016/S0040-9383(99)00057-9},
}

@article {BCM,
    AUTHOR = {Bendersky, M. and Curtis, E. B. and Miller, H. R.},
     TITLE = {The unstable {A}dams spectral sequence for generalized
              homology},
   JOURNAL = {Topology},
  FJOURNAL = {Topology. An International Journal of Mathematics},
    VOLUME = {17},
      YEAR = {1978},
    NUMBER = {3},
     PAGES = {229--248},
      ISSN = {0040-9383},
     CODEN = {TPLGAF},
   MRCLASS = {55T15},
  MRNUMBER = {508887 (80g:55035)},
MRREVIEWER = {Stanley Kochman},
       DOI = {10.1016/0040-9383(78)90028-9},
       URL = {http://dx.doi.org/10.1016/0040-9383(78)90028-9},
}
